@misc{azalia,
  author = {Aisyah Fitri Azalia},
  title = {{Derivative application in medical and biology}},
  howpublished = "\url{https://www.slideshare.net/ichazalia/derivative-application-in-medical-and-biology}",
  year = {2017}, 
}